%YAML 1.1
%TAG !u! tag:unity3d.com,2011:
--- !u!1 &1010295455308059545
GameObject:
  m_ObjectHideFlags: 0
  m_CorrespondingSourceObject: {fileID: 0}
  m_PrefabInstance: {fileID: 0}
  m_PrefabAsset: {fileID: 0}
  serializedVersion: 6
  m_Component:
  - component: {fileID: 7427099186300417134}
  - component: {fileID: 6275270978657528194}
  - component: {fileID: 4371488637377288173}
  - component: {fileID: 1087669809687794148}
  - component: {fileID: 8966576886637519750}
  m_Layer: 5
  m_Name: Bonus_Selector
  m_TagString: Untagged
  m_Icon: {fileID: 0}
  m_NavMeshLayer: 0
  m_StaticEditorFlags: 0
  m_IsActive: 1
--- !u!224 &7427099186300417134
RectTransform:
  m_ObjectHideFlags: 0
  m_CorrespondingSourceObject: {fileID: 0}
  m_PrefabInstance: {fileID: 0}
  m_PrefabAsset: {fileID: 0}
  m_GameObject: {fileID: 1010295455308059545}
  m_LocalRotation: {x: 0, y: 0, z: 0, w: 1}
  m_LocalPosition: {x: 0, y: 0, z: 0}
  m_LocalScale: {x: 1, y: 1, z: 1}
  m_Children:
  - {fileID: 2556083472370571950}
  m_Father: {fileID: 0}
  m_RootOrder: 0
  m_LocalEulerAnglesHint: {x: 0, y: 0, z: 0}
  m_AnchorMin: {x: 0.5, y: 0.5}
  m_AnchorMax: {x: 0.5, y: 0.5}
  m_AnchoredPosition: {x: 0, y: 0}
  m_SizeDelta: {x: 700, y: 1000}
  m_Pivot: {x: 0.5, y: 0.5}
--- !u!222 &6275270978657528194
CanvasRenderer:
  m_ObjectHideFlags: 0
  m_CorrespondingSourceObject: {fileID: 0}
  m_PrefabInstance: {fileID: 0}
  m_PrefabAsset: {fileID: 0}
  m_GameObject: {fileID: 1010295455308059545}
  m_CullTransparentMesh: 1
--- !u!114 &4371488637377288173
MonoBehaviour:
  m_ObjectHideFlags: 0
  m_CorrespondingSourceObject: {fileID: 0}
  m_PrefabInstance: {fileID: 0}
  m_PrefabAsset: {fileID: 0}
  m_GameObject: {fileID: 1010295455308059545}
  m_Enabled: 1
  m_EditorHideFlags: 0
  m_Script: {fileID: 11500000, guid: fe87c0e1cc204ed48ad3b37840f39efc, type: 3}
  m_Name: 
  m_EditorClassIdentifier: 
  m_Material: {fileID: 0}
  m_Color: {r: 0, g: 0, b: 0, a: 0.5019608}
  m_RaycastTarget: 0
  m_RaycastPadding: {x: 0, y: 0, z: 0, w: 0}
  m_Maskable: 0
  m_OnCullStateChanged:
    m_PersistentCalls:
      m_Calls: []
  m_Sprite: {fileID: 21300000, guid: 312e51bed126aaa4a83601e6b1045220, type: 3}
  m_Type: 1
  m_PreserveAspect: 0
  m_FillCenter: 1
  m_FillMethod: 4
  m_FillAmount: 1
  m_FillClockwise: 1
  m_FillOrigin: 0
  m_UseSpriteMesh: 0
  m_PixelsPerUnitMultiplier: 3
--- !u!114 &1087669809687794148
MonoBehaviour:
  m_ObjectHideFlags: 0
  m_CorrespondingSourceObject: {fileID: 0}
  m_PrefabInstance: {fileID: 0}
  m_PrefabAsset: {fileID: 0}
  m_GameObject: {fileID: 1010295455308059545}
  m_Enabled: 1
  m_EditorHideFlags: 0
  m_Script: {fileID: 11500000, guid: 59f8146938fff824cb5fd77236b75775, type: 3}
  m_Name: 
  m_EditorClassIdentifier: 
  m_Padding:
    m_Left: 50
    m_Right: 50
    m_Top: 0
    m_Bottom: 0
  m_ChildAlignment: 4
  m_Spacing: 25
  m_ChildForceExpandWidth: 1
  m_ChildForceExpandHeight: 0
  m_ChildControlWidth: 1
  m_ChildControlHeight: 0
  m_ChildScaleWidth: 0
  m_ChildScaleHeight: 0
  m_ReverseArrangement: 0
--- !u!114 &8966576886637519750
MonoBehaviour:
  m_ObjectHideFlags: 0
  m_CorrespondingSourceObject: {fileID: 0}
  m_PrefabInstance: {fileID: 0}
  m_PrefabAsset: {fileID: 0}
  m_GameObject: {fileID: 1010295455308059545}
  m_Enabled: 1
  m_EditorHideFlags: 0
  m_Script: {fileID: 11500000, guid: 45c9b24e1c3512b4cbde94c516f817ec, type: 3}
  m_Name: 
  m_EditorClassIdentifier: 
  values:
    icon: {fileID: 0}
    rouletteDelay: 0.05
    inAnim: 8
    outAnim: 15
    bonus: {fileID: 7792934066173479654, guid: d79e071026c98c24c8f3a7075fce5210, type: 3}
  _bonusType:
  - type: Pareja
    questions:
    - {fileID: 11400000, guid: 43bc181e502cc9948aa0691aa2b843d0, type: 2}
    - {fileID: 11400000, guid: 8ab5503f8a612d843960c2581a3519d7, type: 2}
    - {fileID: 11400000, guid: 1337bb4b52baec4478dda31161b3d343, type: 2}
    - {fileID: 11400000, guid: bd426c433c3036b4e874052ca1a62e19, type: 2}
    - {fileID: 11400000, guid: 9294f1bf1addbf248ae40eb4f8bd4ed3, type: 2}
    - {fileID: 11400000, guid: 045886ec681e9be4eb61a0602933de5d, type: 2}
    - {fileID: 11400000, guid: 76d5487edecc8d344a9f20b8e4692d1b, type: 2}
    - {fileID: 11400000, guid: 2e786e936784f854e8979290b4a6bfc7, type: 2}
    - {fileID: 11400000, guid: ea03a42e2e172ca448c5c17110240ed8, type: 2}
    - {fileID: 11400000, guid: c641319b86575374680bd56ab789626e, type: 2}
    - {fileID: 11400000, guid: f7096b003a96f004e97ebcf05bd237de, type: 2}
  - type: Crecimiento Personal
    questions:
    - {fileID: 11400000, guid: 26ec7ea1b6c8a8548a8f6e8e89e3eb70, type: 2}
    - {fileID: 11400000, guid: 0035b404f8b2c4f43ad12545d8f8310c, type: 2}
    - {fileID: 11400000, guid: 97090e17982b80d4a94090123e683c86, type: 2}
    - {fileID: 11400000, guid: 15afd51e597d01a4485b384f38a17195, type: 2}
    - {fileID: 11400000, guid: 4fe926a5f4f06f14396f53613fbe409c, type: 2}
    - {fileID: 11400000, guid: 36780a00c9ca93f4e96aa0c6cfeeed84, type: 2}
    - {fileID: 11400000, guid: 90553e8e2c3155042b939189a2fb171f, type: 2}
    - {fileID: 11400000, guid: 103efefefec313f48a8dcc5a3a4fafa9, type: 2}
    - {fileID: 11400000, guid: 95fb9728c03a5694babb947d519485f4, type: 2}
    - {fileID: 11400000, guid: 3c665ace594b0474ea5299ec889d4d6b, type: 2}
    - {fileID: 11400000, guid: 2a4cef5732b33494a965dc5a51f4424c, type: 2}
    - {fileID: 11400000, guid: 87214c077651f0042ba9b48a7c220dac, type: 2}
    - {fileID: 11400000, guid: fbd60a7f7a7935847ab7f944b4ce5e3d, type: 2}
    - {fileID: 11400000, guid: dd48457c7d35da649956ba54cdb0e80b, type: 2}
    - {fileID: 11400000, guid: b04723e9a6cc6e3429a7fb37874feae6, type: 2}
    - {fileID: 11400000, guid: 2ef9860b9fbbdf0449041eb85e6cde44, type: 2}
  - type: Salud
    questions:
    - {fileID: 11400000, guid: ace32dd7591937a47ab29a8ffee42c7f, type: 2}
    - {fileID: 11400000, guid: 7f442e6de908ca84fb732f5179d8f432, type: 2}
    - {fileID: 11400000, guid: 3251e018dc1e60f418bbd156347f5835, type: 2}
    - {fileID: 11400000, guid: fa003cef656c48546b461267a4afff7e, type: 2}
    - {fileID: 11400000, guid: 27defe7aead2aa34993a5835da612432, type: 2}
    - {fileID: 11400000, guid: debae90b6381b734eb560cdcd3295878, type: 2}
  - type: Familia
    questions:
    - {fileID: 11400000, guid: 8bb2272c05dde404998f02871bd6c425, type: 2}
    - {fileID: 11400000, guid: 7b6c7ac36b5ca8b4499e685404bcc25b, type: 2}
    - {fileID: 11400000, guid: 01d46807d4ab1794488c7b31648ecf9c, type: 2}
    - {fileID: 11400000, guid: e66a8dbdf3afa8d4a83833ef00919aef, type: 2}
  - type: Cultura y Ocio
    questions:
    - {fileID: 11400000, guid: 4e378bbbbedc4444d959971dfd25f695, type: 2}
    - {fileID: 11400000, guid: c131d67bd2a9cfe4aa675d49e2c03298, type: 2}
    - {fileID: 11400000, guid: 052f46ec8ff0596468026fdc7379751d, type: 2}
    - {fileID: 11400000, guid: c2da37a122a23db4bb3dfe306bfb1f8e, type: 2}
    - {fileID: 11400000, guid: 0de4ce38a9317aa46a0f0ad6df89fe55, type: 2}
    - {fileID: 11400000, guid: 8ab1fee008c19c94792aa543eb8a123a, type: 2}
    - {fileID: 11400000, guid: 241f490a1b733474ab27743e3b610f42, type: 2}
    - {fileID: 11400000, guid: 0ba322ace09658f4cbfa4f0c1dc60eed, type: 2}
    - {fileID: 11400000, guid: 1d0c19ad00829b04092cb032aa34c966, type: 2}
    - {fileID: 11400000, guid: 3c556fe6239a8c54ab0602d3ed37f659, type: 2}
    - {fileID: 11400000, guid: a6d504c128dada94fbb3149926793939, type: 2}
    - {fileID: 11400000, guid: f35dda1dab58b054b92115c8ca6f11b7, type: 2}
    - {fileID: 11400000, guid: b8b20add405815b4bb286744218dbf13, type: 2}
  - type: Amistad
    questions:
    - {fileID: 11400000, guid: 0c1b5e3efc09369439f35b1eda69f485, type: 2}
    - {fileID: 11400000, guid: 6cc1339aec1b59d4fae6b95eccf99b13, type: 2}
    - {fileID: 11400000, guid: 3244e41e1ad55ca4aaca6bec34a93e3c, type: 2}
    - {fileID: 11400000, guid: 1b3605135703ff3429665d49683bc5ca, type: 2}
    - {fileID: 11400000, guid: 207f6a252ebacbc40b6c9fe2f265b52a, type: 2}
    - {fileID: 11400000, guid: fc62be153933f0d47a39f22b83e47ac8, type: 2}
--- !u!1 &4339034813447027113
GameObject:
  m_ObjectHideFlags: 0
  m_CorrespondingSourceObject: {fileID: 0}
  m_PrefabInstance: {fileID: 0}
  m_PrefabAsset: {fileID: 0}
  serializedVersion: 6
  m_Component:
  - component: {fileID: 2556083472370571950}
  - component: {fileID: 2062049289973195180}
  - component: {fileID: 424426893159273594}
  m_Layer: 5
  m_Name: Question Type
  m_TagString: Untagged
  m_Icon: {fileID: 0}
  m_NavMeshLayer: 0
  m_StaticEditorFlags: 0
  m_IsActive: 1
--- !u!224 &2556083472370571950
RectTransform:
  m_ObjectHideFlags: 0
  m_CorrespondingSourceObject: {fileID: 0}
  m_PrefabInstance: {fileID: 0}
  m_PrefabAsset: {fileID: 0}
  m_GameObject: {fileID: 4339034813447027113}
  m_LocalRotation: {x: -0, y: -0, z: -0, w: 1}
  m_LocalPosition: {x: 0, y: 0, z: 0}
  m_LocalScale: {x: 1, y: 1, z: 1}
  m_Children: []
  m_Father: {fileID: 7427099186300417134}
  m_RootOrder: 0
  m_LocalEulerAnglesHint: {x: 0, y: 0, z: 0}
  m_AnchorMin: {x: 0, y: 0}
  m_AnchorMax: {x: 0, y: 0}
  m_AnchoredPosition: {x: 0, y: 0}
  m_SizeDelta: {x: 0, y: 100}
  m_Pivot: {x: 0.5, y: 0.5}
--- !u!222 &2062049289973195180
CanvasRenderer:
  m_ObjectHideFlags: 0
  m_CorrespondingSourceObject: {fileID: 0}
  m_PrefabInstance: {fileID: 0}
  m_PrefabAsset: {fileID: 0}
  m_GameObject: {fileID: 4339034813447027113}
  m_CullTransparentMesh: 1
--- !u!114 &424426893159273594
MonoBehaviour:
  m_ObjectHideFlags: 0
  m_CorrespondingSourceObject: {fileID: 0}
  m_PrefabInstance: {fileID: 0}
  m_PrefabAsset: {fileID: 0}
  m_GameObject: {fileID: 4339034813447027113}
  m_Enabled: 1
  m_EditorHideFlags: 0
  m_Script: {fileID: 11500000, guid: f4688fdb7df04437aeb418b961361dc5, type: 3}
  m_Name: 
  m_EditorClassIdentifier: 
  m_Material: {fileID: 0}
  m_Color: {r: 1, g: 1, b: 1, a: 1}
  m_RaycastTarget: 0
  m_RaycastPadding: {x: 0, y: 0, z: 0, w: 0}
  m_Maskable: 0
  m_OnCullStateChanged:
    m_PersistentCalls:
      m_Calls: []
  m_text: Question Type #1
  m_isRightToLeft: 0
  m_fontAsset: {fileID: 11400000, guid: cf0e6d23b19f7c049972b5548c270e7b, type: 2}
  m_sharedMaterial: {fileID: -2916487515714316063, guid: cf0e6d23b19f7c049972b5548c270e7b, type: 2}
  m_fontSharedMaterials: []
  m_fontMaterial: {fileID: 0}
  m_fontMaterials: []
  m_fontColor32:
    serializedVersion: 2
    rgba: 4294967295
  m_fontColor: {r: 1, g: 1, b: 1, a: 1}
  m_enableVertexGradient: 0
  m_colorMode: 3
  m_fontColorGradient:
    topLeft: {r: 1, g: 1, b: 1, a: 1}
    topRight: {r: 1, g: 1, b: 1, a: 1}
    bottomLeft: {r: 1, g: 1, b: 1, a: 1}
    bottomRight: {r: 1, g: 1, b: 1, a: 1}
  m_fontColorGradientPreset: {fileID: 0}
  m_spriteAsset: {fileID: 0}
  m_tintAllSprites: 0
  m_StyleSheet: {fileID: 0}
  m_TextStyleHashCode: -1183493901
  m_overrideHtmlColors: 0
  m_faceColor:
    serializedVersion: 2
    rgba: 4294967295
  m_fontSize: 72
  m_fontSizeBase: 80
  m_fontWeight: 400
  m_enableAutoSizing: 1
  m_fontSizeMin: 18
  m_fontSizeMax: 72
  m_fontStyle: 0
  m_HorizontalAlignment: 2
  m_VerticalAlignment: 512
  m_textAlignment: 65535
  m_characterSpacing: 0
  m_wordSpacing: 0
  m_lineSpacing: 0
  m_lineSpacingMax: 0
  m_paragraphSpacing: 0
  m_charWidthMaxAdj: 0
  m_enableWordWrapping: 0
  m_wordWrappingRatios: 0.4
  m_overflowMode: 0
  m_linkedTextComponent: {fileID: 0}
  parentLinkedComponent: {fileID: 0}
  m_enableKerning: 1
  m_enableExtraPadding: 0
  checkPaddingRequired: 0
  m_isRichText: 1
  m_parseCtrlCharacters: 1
  m_isOrthographic: 1
  m_isCullingEnabled: 0
  m_horizontalMapping: 0
  m_verticalMapping: 0
  m_uvLineOffset: 0
  m_geometrySortingOrder: 0
  m_IsTextObjectScaleStatic: 0
  m_VertexBufferAutoSizeReduction: 1
  m_useMaxVisibleDescender: 1
  m_pageToDisplay: 1
  m_margin: {x: 0, y: 0, z: 0, w: 0}
  m_isUsingLegacyAnimationComponent: 0
  m_isVolumetricText: 0
  m_hasFontAssetChanged: 0
  m_baseMaterial: {fileID: 0}
  m_maskOffset: {x: 0, y: 0, z: 0, w: 0}
